@BOOK{Taurion2009,
    AUTHOR       = "Menasce, Daniel A. and Almeida, Virgilio A. F.",
    TITLE        = "Planejamento de capacidade para serviços na Web: métricas, modelos e métodos.",
    PUBLISHER    = "Campus",
    YEAR         = "2003",
    VOLUME       = "",
    SERIES       = "",
    ADDRESS      = "Rio de Janeiro",
    EDITION      = "",
    MONTH        = "",
    NOTE         = ""
}